% bib-file for the masterthesis
%
%paper
@article{Zwanzig,
	author 				= {Zwanzig},
	title 				= {Ensemble Method in the Theory of Irreversibility},
	journaltitle 	= {The Journal of Chemical Physics},
	year 					= {1960},
	%OPTvolume 		= {33},
	%OPTnumber 		= {5},
	%OPTpages 		= {1338-1341},
	%OPTdoi 			= {10.1063/1.1731409},
}
%
@article{Mori,
	author 				= {H. Mori},
	title 				= {Transport, Collective Motion, and Brownian Motion},
	journaltitle 	= {Progress of Theoretical Physics},
	year 					= {1965},
	%OPTvolume 		= {33},
	%OPTnumber 		= {3},
	%OPTpages 		= {423-455},
	%OPTdoi 			= {10.1143/PTP.33.423},
}
%
@article{HarpAndBerne,
	author 				= {G. D. Harp and B. J. Berne},
	title 				= {Time-Correlation Functions, Memory Functions, and Molecular Dynamics},
	journaltitle 	= {Physical Review A},
	year 					= {1970},
	%OPTvolume 		= {2},
	%OPTnumber 		= {3},
	%OPTpages 		= {975-996},
	%OPTdoi 			= {10.1103/PhysRevA.2.975},
}
%
% books
@book{Forster,
	author 				= {D. Forster},
	title 				= {Hydrodynamic, Fluctuations, Broken Symmetry, and Correlation Functions},
	year 					= {1990},
	%OPTseries 		= {Advanced book classics},
	%OPTpublisher	= {Perseus Books},
	%OPTisbn 			= {0-201-41049-4},
}
%
@book{Schwabl,
	author				= {F. Schwabl},
	title					= {Advanced Quantum Mechanics},
	year					= {2008},
	edition 			= {4. ed.},
	%OPTpublisher	= {Springer},
	%OPTisbn 			= {978-3-540-85061-8},
}
%
@book{Schwabl2,
	author				= {F. Schwabl},
	title					= {Statistische Mechanik},
	year					= {2006},
	edition 			= {3., aktualisierte Aufl.},
	%OPTpublisher	= {Springer},
	%OPTisbn 			= {3-540-31095-9; 978-3-540-31095-2},
}
%
@book{Chycholl2,
	author				= {G. Czycholl},
	title			= {Theoretische Festkörperphysik Band 2 : Anwendungen: Nichtgleichgewicht, Verhalten in äußeren Feldern, kollektive Phänomene},
	year					= {2017},
	edition 			= {4. Aufl. 2017},
	%OPTpublisher	= {SpringerLink : Bücher},
	%OPTisbn 			= {978-3-662-53701-5},
}
%
@book{ElkGasser,
	author				= {K. Elk and W. Gasser},
	title			= {Die Methode der Greenschen Funktionen in der Festkörperphysik},
	year					= {1979},
	%edition 			= {},
	%OPTpublisher	= {Akademie-Verl.},
	%OPTisbn 			= {},
}
%
% dissertations
@thesis{Jung,
	author			= {P. Jung},
	title 			= {Transport and Approximate Conservation Laws in Low Dimensional Systems},
	type 				= {dissertation},
	institution = {Universit\"at zu K\"on},
	year 				= {2007},
	%OPTurl 		= {http://kups.ub.uni-koeln.de/2208/},
}
%
